@inproceedings{lum1994light,
  author    = {Lum, R. and Gortler, S. and Szeliski, R. and Cohen, M.},
  title     = {Light Field Rendering},
  booktitle = {Proceedings of the 21st Annual Conference on Computer Graphics and Interactive Techniques (SIGGRAPH 1994)},
  year      = {1994},
  pages     = {43--46},
  publisher = {ACM},
  doi       = {10.1145/192161.192167},
}

@article{levoy1996light,
  title={Light field rendering},
  author={Levoy, Marc and Hanrahan, Pat},
  journal={ACM SIGGRAPH},
  year={1996}
}

@article{max1995optical,
  title={Optical models for direct volume rendering},
  author={Max, Nelson},
  journal={IEEE Transactions on Visualization and Computer Graphics},
  year={1995}
}

@article{tola2012compact,
  title={A compact representation of 3D scenes},
  author={Tola, Engin and Strecha, Christoph and Fua, Pascal},
  journal={IEEE Transactions on Pattern Analysis and Machine Intelligence},
  year={2012}
}

@article{park2019deepsdf,
  title={DeepSDF: Learning continuous signed distance functions for shape representation},
  author={Park, Jeong Joon and Florence, Peter and Straub, Julian and Newcombe, Richard and Lovegrove, Steven},
  journal={CVPR},
  year={2019}
}

@article{izadi2011kinect,
  title={KinectFusion: Real-time 3D reconstruction and interaction using a moving depth camera},
  author={Izadi, Shahram and Kim, David and Hilliges, Otmar and Molyneaux, David and Newcombe, Richard and Kohli, Pushmeet and Shotton, Jamie and Hodges, Steve and Freeman, Dustin and Davison, Andrew and others},
  journal={ACM UIST},
  year={2011}
}

@article{mildenhall2020nerf,
  title={NeRF: Representing scenes as neural radiance fields for view synthesis},
  author={Mildenhall, Ben and Srinivasan, Pratul P and Tancik, Matthew and Barron, Jonathan T and Ramamoorthi, Ravi and Ng, Ren},
  journal={ECCV},
  year={2020}
}

@article{yu2021plenoctrees,
  title={PlenOctrees for real-time rendering of neural radiance fields},
  author={Yu, Alex and Fridovich-Keil, Sara and Tancik, Matthew and Chen, Qinhong and Recht, Benjamin and Kanazawa, Angjoo},
  journal={ICCV},
  year={2021}
}

@article{barron2021mipnerf,
  title={Mip-NeRF: A multiscale representation for anti-aliasing neural radiance fields},
  author={Barron, Jonathan T and Mildenhall, Ben and Tancik, Matthew and Hedman, Peter and Martin-Brualla, Ricardo and Srinivasan, Pratul P},
  journal={ICCV},
  year={2021}
}

@article{kerbl2023gsplatt,
  title={3D Gaussian Splatting for Real-Time Radiance Field Rendering},
  author={Kerbl, Bernhard and Kopanas, Georgios and Leimk{\"u}hler, Thomas and Drettakis, George},
  journal={ACM SIGGRAPH},
  year={2023}
}

@article{zwicker2001ewa,
  title={EWA volume splatting},
  author={Zwicker, Matthias and Pfister, Hanspeter and Van Baar, Jeroen and Gross, Markus},
  journal={IEEE Visualization},
  year={2001}
}

@inproceedings{Snavely2006,
  title={Photo tourism: exploring photo collections in 3D},
  author={Snavely, Noah and Seitz, Steven M and Szeliski, Richard},
  booktitle={ACM SIGGRAPH 2006 Papers},
  pages={835--846},
  year={2006},
  publisher={ACM}
}

@inproceedings{botsch2006openmesh,
  title={OpenMesh: A generic and efficient polygon mesh data structure},
  author={Botsch, Mario and Kobbelt, Leif and Pauly, Mark and Alliez, Pierre and Lévy, Bruno},
  booktitle={Proceedings of the 4th international conference on Computer graphics and interactive techniques in Australasia and Southeast Asia},
  pages={201--210},
  year={2006}
}

@phdthesis{baumgart1975winged,
  title={Winged-edge polyhedron representation},
  author={Baumgart, Bruce G},
  year={1975},
  school={Stanford University}
}

@book{mantyla1988introduction,
  title={An introduction to solid modeling},
  author={Mäntylä, Martti},
  year={1988},
  publisher={Computer Science Press, Inc.}
}
